@article{ising,
    author = "Katarzyna Sznajd-Weron, JÃ²zef Sznajd",
    title = "{Opinion Evolution in Closed Community}",
    journal = "International Journal of Modern Physics C",
    year = "2001",
    DOI = "http://dx.doi.org/10.1142/S0129183100000936",
}

@book{modeling,
    title = {Modeling Complex Systems},
    author = {Nino Boccara},
    isbn = {9781441965622},
    year = {2010},
    publisher = {c Springer Science+Business Media, LLC},
    keywords = {physics}
}

@online{cbos,
    author = "www.cbos.pl",
    title = "Report of Public Opinion Center CBOS",
    url  = "https://www.cbos.pl/PL/publikacje/public_opinion/2022/03_2022.pdf",
}

...